%% This BibTeX bibliography file was created using BibDesk.
%% http://bibdesk.sourceforge.net/


%% Created for Robyn Lucas at 2014-08-05 11:29:26 +0100 


%% Saved with string encoding Unicode (UTF-8) 



@article{Chatrchyan:2008aa,
	Author = {Chatrchyan, S. and others},
	Collaboration = {CMS Collaboration},
	Date-Added = {2014-08-01 15:29:32 +0000},
	Date-Modified = {2014-08-01 15:31:02 +0000},
	Doi = {10.1088/1748-0221/3/08/S08004},
	Journal = {JINST},
	Keywords = {CMS},
	Pages = {S08004},
	Slaccitation = {%%CITATION = JINST,3,S08004;%%},
	Title = {{The CMS experiment at the CERN LHC}},
	Volume = {3},
	Year = {2008},
	Bdsk-Url-1 = {http://dx.doi.org/10.1088/1748-0221/3/08/S08004}}

@article{Aamodt:2008zz,
	Author = {Aamodt, K. and others},
	Collaboration = {ALICE Collaboration},
	Date-Added = {2014-08-01 15:28:11 +0000},
	Date-Modified = {2014-08-01 15:30:44 +0000},
	Doi = {10.1088/1748-0221/3/08/S08002},
	Journal = {JINST},
	Keywords = {ALICE},
	Pages = {S08002},
	Slaccitation = {%%CITATION = JINST,3,S08002;%%},
	Title = {{The ALICE experiment at the CERN LHC}},
	Volume = {3},
	Year = {2008},
	Bdsk-Url-1 = {http://dx.doi.org/10.1088/1748-0221/3/08/S08002}}

@article{Alves:2008zz,
	Author = {Alves, A. Augusto, Jr. and others},
	Collaboration = {LHCb Collaboration},
	Date-Added = {2014-08-01 15:27:47 +0000},
	Date-Modified = {2014-08-01 15:31:09 +0000},
	Doi = {10.1088/1748-0221/3/08/S08005},
	Journal = {JINST},
	Keywords = {LHCb},
	Pages = {S08005},
	Slaccitation = {%%CITATION = JINST,3,S08005;%%},
	Title = {{The LHCb Detector at the LHC}},
	Volume = {3},
	Year = {2008},
	Bdsk-Url-1 = {http://dx.doi.org/10.1088/1748-0221/3/08/S08005}}

@article{Aad:2008zzm,
	Author = {Aad, G. and others},
	Collaboration = {ATLAS Collaboration},
	Date-Added = {2014-08-01 15:27:20 +0000},
	Date-Modified = {2014-08-01 15:30:53 +0000},
	Doi = {10.1088/1748-0221/3/08/S08003},
	Journal = {JINST},
	Keywords = {ATLAS},
	Pages = {S08003},
	Slaccitation = {%%CITATION = JINST,3,S08003;%%},
	Title = {{The ATLAS Experiment at the CERN Large Hadron Collider}},
	Volume = {3},
	Year = {2008},
	Bdsk-Url-1 = {http://dx.doi.org/10.1088/1748-0221/3/08/S08003}}
